@article{Castillo2009,
  author    = {Luis Castillo and Lluvia Morales and Arturo Gonz{\'{a}}lez-Ferrer and Juan Fdez-Olivares and Daniel Borrajo and Eva Onaind{\'{\i}}a},
  doi       = {10.1007/s10951-009-0140-x},
  journal   = {Journal of Scheduling},
  month     = nov,
  number    = 4,
  pages     = {347--362},
  publisher = {Springer Science and Business Media {LLC}},
  title     = {Automatic generation of temporal planning domains for~e-learning problems},
  volume    = 13,
  year      = {2009}
}